@InBook{Bishop2007,
  author     = {Bishop, Christopher M and Lasserre, Julia},
  pages      = {13--34},
  publisher  = {Oxford University PressOxford},
  title      = {Generative or Discriminative? Getting the Best of Both Worlds},
  year       = {2007},
  isbn       = {9781383035346},
  month      = jul,
  booktitle  = {Bayesian Statistics 8},
  doi        = {10.1093/oso/9780199214655.003.0001},
  priority   = {prio1},
  readstatus = {read},
}

